<?xml version="1.0" encoding="UTF-8"?>
<OAI-PMH xmlns="http://www.openarchives.org/OAI/2.0/" xmlns:xsi="http://www.w3.org/2001/XMLSchema-instance" xsi:schemaLocation="http://www.openarchives.org/OAI/2.0/ http://www.openarchives.org/OAI/2.0/OAI-PMH.xsd">
<ListRecords>
<record>
<header status="updated">
<identifier>urm_publish:71303370510002121</identifier>
</header>
<metadata>
<record xmlns="http://www.loc.gov/MARC21/slim" xmlns:xsi="http://www.w3.org/2001/XMLSchema-instance" xsi:schemaLocation="http://www.loc.gov/MARC21/slim http://www.loc.gov/standards/marcxml/schema/MARC21slim.xsd" ><leader>01892cam a2200385Ia 4500</leader><controlfield tag="005">20070131144030.0</controlfield><controlfield tag="008">870218t19761968nyu           000 0aeng d</controlfield><controlfield tag="001">999721853702121</controlfield><datafield tag="020" ind1=" " ind2=" "><subfield code="a">0440314887</subfield></datafield><datafield tag="020" ind1=" " ind2=" "><subfield code="a">9780440314882</subfield></datafield><datafield tag="035" ind1=" " ind2=" "><subfield code="a">(OCoLC)ocm15208044</subfield></datafield><datafield tag="035" ind1=" " ind2=" "><subfield code="9">ART9934UW</subfield></datafield><datafield tag="035" ind1=" " ind2=" "><subfield code="a">(WU)2846560-uwmadisondb</subfield></datafield><datafield tag="040" ind1=" " ind2=" "><subfield code="a">WVQ</subfield><subfield code="b">eng</subfield><subfield code="c">WVQ</subfield><subfield code="d">EMU</subfield><subfield code="d">OCL</subfield><subfield code="d">XY4</subfield><subfield code="d">OCLCQ</subfield><subfield code="d">BTCTA</subfield><subfield code="d">WIH</subfield></datafield><datafield tag="043" ind1=" " ind2=" "><subfield code="a">n-us-ms</subfield></datafield><datafield tag="049" ind1=" " ind2=" "><subfield code="a">WIHA</subfield></datafield><datafield tag="090" ind1=" " ind2=" "><subfield code="a">E185.97.M65</subfield><subfield code="b">A3 1976</subfield></datafield><datafield tag="092" ind1=" " ind2=" "><subfield code="a">976.225</subfield><subfield code="b">M771c</subfield></datafield><datafield tag="100" ind1="1" ind2=" "><subfield code="a">Moody, Anne,</subfield><subfield code="d">1940-2015.</subfield><subfield code="2">LCNAMES</subfield><subfield code="0">41-LIBRARY_OF_CONGRESS-n  80053290</subfield><subfield code="9">Y</subfield></datafield><datafield tag="245" ind1="1" ind2="0"><subfield code="a">Coming of age in Mississippi /</subfield><subfield code="c">by Anne Moody.</subfield></datafield><datafield tag="264" ind1=" " ind2="1"><subfield code="a">New York :</subfield><subfield code="b">Dell,</subfield><subfield code="c">1976.</subfield></datafield><datafield tag="264" ind1=" " ind2="4"><subfield code="c">©1968</subfield></datafield><datafield tag="300" ind1=" " ind2=" "><subfield code="a">384 pages ;</subfield><subfield code="c">18 cm</subfield></datafield><datafield tag="336" ind1=" " ind2=" "><subfield code="a">text</subfield><subfield code="b">txt</subfield><subfield code="2">rdacontent</subfield></datafield><datafield tag="337" ind1=" " ind2=" "><subfield code="a">unmediated</subfield><subfield code="b">n</subfield><subfield code="2">rdamedia</subfield></datafield><datafield tag="338" ind1=" " ind2=" "><subfield code="a">volume</subfield><subfield code="b">nc</subfield><subfield code="2">rdacarrier</subfield></datafield><datafield tag="500" ind1=" " ind2=" "><subfield code="a">Autobiography.</subfield></datafield><datafield tag="500" ind1=" " ind2=" "><subfield code="a">"A Laurel book."</subfield></datafield><datafield tag="520" ind1=" " ind2=" "><subfield code="a">The story of a black girl growing up in the desperate poverty of rural Mississippi. Written without a trace of sentimentality or apology, this is an unforgettable personal story--the truth as a remarkable young woman named Anne Moody lived it. To read her book is to know what it is to have grown up black in Mississippi in the forties and fifties -- &amp; to have survived with pride &amp; courage intact. In this now classic autobiography, she details the sights, smells, &amp; suffering of growing up in a racist society &amp; candidly reveals the soul of a black girl who had the courage to challenge it. The result is a touchstone work: an accurate, authoritative portrait of black family life in the rural South &amp; a moving account of a woman's indomitable heart.</subfield></datafield><datafield tag="505" ind1="0" ind2=" "><subfield code="a">Childhood -- High school -- College -- Movement.</subfield></datafield><datafield tag="600" ind1="1" ind2="0"><subfield code="a">Moody, Anne,</subfield><subfield code="d">1940-2015.</subfield><subfield code="2">LCNAMES</subfield><subfield code="0">41-LIBRARY_OF_CONGRESS-n  80053290</subfield><subfield code="9">Y</subfield></datafield><datafield tag="650" ind1=" " ind2="0"><subfield code="a">African Americans</subfield><subfield code="x">Civil rights</subfield><subfield code="z">Mississippi.</subfield><subfield code="2">LCSH</subfield><subfield code="0">41-LIBRARY_OF_CONGRESS-sh 85001932</subfield><subfield code="9">Y</subfield></datafield><datafield tag="938" ind1=" " ind2=" "><subfield code="a">Baker and Taylor</subfield><subfield code="b">BTCP</subfield><subfield code="n">bl 99730563</subfield></datafield><datafield tag="994" ind1=" " ind2=" "><subfield code="a">C0</subfield><subfield code="b">WIH</subfield></datafield><datafield tag="997" ind1=" " ind2=" "><subfield code="a">MARCIVE</subfield></datafield><datafield tag="600" ind1="1" ind2="0"><subfield code="a">Moody, Essie Mae,</subfield><subfield code="d">1940-2015</subfield><subfield code="2">LCNAMES</subfield><subfield code="0">41-LIBRARY_OF_CONGRESS-n  80053290</subfield><subfield code="9">N</subfield></datafield><datafield tag="100" ind1="1" ind2=" "><subfield code="a">Moody, Essie Mae,</subfield><subfield code="d">1940-2015</subfield><subfield code="2">LCNAMES</subfield><subfield code="0">41-LIBRARY_OF_CONGRESS-n  80053290</subfield><subfield code="9">N</subfield></datafield><datafield tag="650" ind1=" " ind2="0"><subfield code="a">African Americans</subfield><subfield code="z">United States</subfield><subfield code="2">LCSH</subfield><subfield code="0">41-LIBRARY_OF_CONGRESS-sh 85001932</subfield><subfield code="9">N</subfield></datafield><datafield tag="650" ind1=" " ind2="0"><subfield code="w">nne</subfield><subfield code="a">Afro-Americans</subfield><subfield code="2">LCSH</subfield><subfield code="0">41-LIBRARY_OF_CONGRESS-sh 85001932</subfield><subfield code="9">N</subfield></datafield><datafield tag="650" ind1=" " ind2="0"><subfield code="a">Black Americans</subfield><subfield code="2">LCSH</subfield><subfield code="0">41-LIBRARY_OF_CONGRESS-sh 85001932</subfield><subfield code="9">N</subfield></datafield><datafield tag="650" ind1=" " ind2="0"><subfield code="a">Colored people (United States)</subfield><subfield code="2">LCSH</subfield><subfield code="0">41-LIBRARY_OF_CONGRESS-sh 85001932</subfield><subfield code="9">N</subfield></datafield><datafield tag="650" ind1=" " ind2="0"><subfield code="w">nne</subfield><subfield code="a">Negroes</subfield><subfield code="2">LCSH</subfield><subfield code="0">41-LIBRARY_OF_CONGRESS-sh 85001932</subfield><subfield code="9">N</subfield></datafield><datafield tag="650" ind1=" " ind2="0"><subfield code="w">g</subfield><subfield code="a">Africans</subfield><subfield code="z">United States</subfield><subfield code="2">LCSH</subfield><subfield code="0">41-LIBRARY_OF_CONGRESS-sh 85001932</subfield><subfield code="9">R</subfield></datafield><datafield tag="650" ind1=" " ind2="0"><subfield code="w">g</subfield><subfield code="a">Ethnology</subfield><subfield code="z">United States</subfield><subfield code="2">LCSH</subfield><subfield code="0">41-LIBRARY_OF_CONGRESS-sh 85001932</subfield><subfield code="9">R</subfield></datafield><datafield tag="650" ind1=" " ind2="0"><subfield code="a">Blacks</subfield><subfield code="z">United States</subfield><subfield code="2">LCSH</subfield><subfield code="0">41-LIBRARY_OF_CONGRESS-sh 85001932</subfield><subfield code="9">R</subfield></datafield><datafield tag="INST" ind1=" " ind2=" "><subfield code="a">01UWI_NETWORK</subfield><subfield code="b">P</subfield><subfield code="c">71303370510002121</subfield></datafield><datafield tag="INST" ind1=" " ind2=" "><subfield code="a">01UWI_MAD</subfield><subfield code="b">P</subfield><subfield code="c">21570207180002122</subfield></datafield><datafield tag="INST" ind1=" " ind2=" "><subfield code="a">01UWI_SF</subfield><subfield code="b">P</subfield><subfield code="c">2134760420002130</subfield></datafield><datafield tag="INST" ind1=" " ind2=" "><subfield code="a">01UWI_PL</subfield><subfield code="b">P</subfield><subfield code="c">2124760510002127</subfield></datafield><datafield tag="INST" ind1=" " ind2=" "><subfield code="a">01UWI_2YR</subfield><subfield code="b">P</subfield><subfield code="c">2129608720002135</subfield></datafield><datafield tag="AVA" ind1=" " ind2=" "><subfield code="0">9928465603602122</subfield><subfield code="8">22570207150002122</subfield><subfield code="a">01UWI_MAD</subfield><subfield code="b">WHSLIBRARY</subfield><subfield code="c">Stacks</subfield><subfield code="d">E185.97.M65 A3 1976</subfield><subfield code="e">available</subfield><subfield code="f">1</subfield><subfield code="g">0</subfield><subfield code="j">stk</subfield><subfield code="k">0</subfield><subfield code="p">1</subfield><subfield code="q">Wisconsin Historical Society Library</subfield></datafield><datafield tag="AVA" ind1=" " ind2=" "><subfield code="0">995011793602130</subfield><subfield code="8">2234760410002130</subfield><subfield code="a">01UWI_SF</subfield><subfield code="b">SP</subfield><subfield code="c">Books (4th floor: A-PQ &amp; 5th floor: PR-Z)</subfield><subfield code="d">E185.97.M65 A3 1976</subfield><subfield code="e">available</subfield><subfield code="f">1</subfield><subfield code="g">0</subfield><subfield code="j">stack</subfield><subfield code="k">0</subfield><subfield code="p">1</subfield><subfield code="q">UW Stevens Point Library</subfield></datafield><datafield tag="AVA" ind1=" " ind2=" "><subfield code="0">995011793602130</subfield><subfield code="8">2234760370002130</subfield><subfield code="a">01UWI_SF</subfield><subfield code="b">SP</subfield><subfield code="c">Leisure Reading and Audiobooks (1st floor)</subfield><subfield code="d">PAPERBACK</subfield><subfield code="e">unavailable</subfield><subfield code="f">1</subfield><subfield code="g">1</subfield><subfield code="j">leisure</subfield><subfield code="k">8</subfield><subfield code="p">2</subfield><subfield code="q">UW Stevens Point Library</subfield></datafield><datafield tag="AVA" ind1=" " ind2=" "><subfield code="0">995011793602130</subfield><subfield code="8">2234760390002130</subfield><subfield code="a">01UWI_SF</subfield><subfield code="b">SP</subfield><subfield code="c">Books (4th floor: A-PQ &amp; 5th floor: PR-Z)</subfield><subfield code="d">E185.97.M65 A3 1976</subfield><subfield code="e">unavailable</subfield><subfield code="f">1</subfield><subfield code="g">1</subfield><subfield code="j">stack</subfield><subfield code="k">0</subfield><subfield code="p">3</subfield><subfield code="q">UW Stevens Point Library</subfield></datafield><datafield tag="AVA" ind1=" " ind2=" "><subfield code="0">992322533502127</subfield><subfield code="8">2224760500002127</subfield><subfield code="a">01UWI_PL</subfield><subfield code="b">PARK</subfield><subfield code="c">Stacks</subfield><subfield code="d">E185.61 .M73 1976</subfield><subfield code="e">available</subfield><subfield code="f">1</subfield><subfield code="g">0</subfield><subfield code="j">stacks</subfield><subfield code="k">0</subfield><subfield code="p">1</subfield><subfield code="q">UW-Parkside Library</subfield></datafield><datafield tag="AVA" ind1=" " ind2=" "><subfield code="0">992860213402135</subfield><subfield code="8">2229608710002135</subfield><subfield code="a">01UWI_2YR</subfield><subfield code="b">COLMTH</subfield><subfield code="c">Marathon Main Collection</subfield><subfield code="d">E185.97.M65 A3 1976</subfield><subfield code="e">available</subfield><subfield code="f">1</subfield><subfield code="g">0</subfield><subfield code="j">mthstacks</subfield><subfield code="k">0</subfield><subfield code="p">1</subfield><subfield code="q">UW Colleges Marathon County Library</subfield></datafield><datafield tag="MMS" ind1=" " ind2=" "><subfield code="b">999721853702121</subfield><subfield code="a">01UWI_NETWORK</subfield></datafield><datafield tag="MMS" ind1=" " ind2=" "><subfield code="b">9928465603602122</subfield><subfield code="a">01UWI_MAD</subfield></datafield><datafield tag="MMS" ind1=" " ind2=" "><subfield code="b">995011793602130</subfield><subfield code="a">01UWI_SF</subfield></datafield><datafield tag="MMS" ind1=" " ind2=" "><subfield code="b">992322533502127</subfield><subfield code="a">01UWI_PL</subfield></datafield><datafield tag="MMS" ind1=" " ind2=" "><subfield code="b">992860213402135</subfield><subfield code="a">01UWI_2YR</subfield></datafield><datafield tag="590" ind1=" " ind2=" "><subfield code="a">Center for the Small City.</subfield><subfield code="9">LOCAL</subfield><subfield code="A">01UWI_SF</subfield></datafield></record>
</metadata>
</record>
</ListRecords>
</OAI-PMH>